@article{Idris.2020,
  author = {Idris, Muhammad},
  date = {2020-03-03},
  title = {Seberapa Penting Nilai IPK di Mata HRD?},
  journal = {KOMPAS.com},
  url = {https://money.kompas.com/read/2020/03/09/073000626/seberapa-penting-nilai-ipk-di-mata-hrd-?page=all},
  urldate = {2020-05-28}
}

@article{Nielton.2019,
  author = {Durado, Nielton},
  date = {2019-04-04},
  title = {Felisa Mamonto Sering Bergadang dengan Tugas Kuliah Demi Banggakan Orangtua},
  journal = {Tribunmanado.co.id},
  url = {https://manado.tribunnews.com/2019/04/04/felisa-mamonto-sering-bergadang-dengan-tugas-kuliah-demi-banggakan-orangtua},
  urldate = {2020-05-28}
}

@article{Hirshkowitz.2015,
	author   = {Hirshkowitz, Max and Kaitlyn Whiton and Steven M. Albert and dkk.},
	title    = {National Sleep Foundation's sleep time duration recommendations: methodology and results summary},
	journal  = {National Sleep Foundation},
	date     = {2015},
	keywords = {National Sleep Foundation, Sleep sufficiency, Sleep adequacy, Sleep by age, Lifespan sleep, RAND/UCLA Appropriateness Method, Sleep time recomendations, Sleep duration},
}

@article{Berglund.2019,
	author   = {Berglund, Jennifer},
	title    = {The Danger of Sleep Deprivation},
	journal  = {IEEE Pulse},
	date     = {2019}
}

@article{Williamson.2000,
	author   = {Williamson, A. M. and Anne-Marie Feyer},
	title    = {Moderate sleep deprivation produces impairments in cognitive and motor performance equivalent to legally prescribed levels of alcohol intoxication},
	journal  = {Occupational and Environmental Medicine},
	date     = {2000}
}

@article{Putri.2020,
  author = {Putri, Gloria Setyvani},
  date = {2020-05-28},
  title = {Update Corona Dunia 28 Mei: 5,8 Juta Orang Terinfeksi, 2,5 Juta Sembuh},
  journal = {KOMPAS.com},
  url = {https://www.kompas.com/sains/read/2020/05/28/090825123/update-corona-dunia-28-mei-58-juta-orang-terinfeksi-25-juta-sembuh?page=all},
  urldate = {2020-05-29}
}

@article{Cai.2020,
	author   = {Cai, Qingxian and Fengjuan Chen and Fang Luo and dkk.},
	title    = {Obesity and COVID-19 Severity in a Designated Hospital in Shenzhen, China},
	journal  = {The Lancet Infectious Diseases},
	date     = {2020},
	keywords = {Obesity, COVID-19},
}

@article{Knutson.2007,
	author   = {Knutson, Kristen L. and Karine Spiegel and Plamen Penev and dkk.},
	title    = {The metabolic consequences of sleep deprivation},
	journal  = {Sleep Medicine Reviews},
	date     = {2007},
	keywords = {Sleep deprivation, Diabetes, Obesity, Glucose tolerance, Energy expenditure, Epidemiology, Leptin, Ghrelin, Appetite, Orexins},
}

@article{Sarfriyanda.2015,
	author   = {Sarfriyanda, Jaka and Darwin Karim and Ari Pristiana Dewi and dkk.},
	title    = {Hubungan Antara Kualitas Tidur dan Kuantitas Tidur Dengan Prestasi Belajar Mahasiswa},
	journal  = {Jurnal Online Mahasiswa},
	date     = {2015},
	keywords = {Sleep quality, quantity of sleep, achievement of students},
}

@article{Sathyanarayana.2016,
	author   = {Sathyanarayana, Aarti and Shafiq Joty and Luis Fernandez-Luque and dkk.},
	title    = {Sleep Quality Prediction From Wearable Data Using Deep Learning},
	journal  = {JMIR Mhealt Uhealth},
	date     = {2016},
}

@article{LeCun.2015,
	author   = {LeCun, Yann and Yoshua Bengio and Geoffrey Hinton},
	title    = {Deep Learning},
	journal  = {Nature},
	date     = {2015},
}

@book{Kleinbaum.2010,
	author   = {Kleinbaum, David G. and Mitchel Klein},
	title    = {Logistic Regression. Statistics for Biology and Health},
	publisher  = {Springer},
	date     = {2010},
}

@article{Schmidt.1992,
	author   = {Schmidt, Wouter F. and Martin A. Kraaijveld and Robert P.W. Duin},
	title    = {Feed Forward Neural Networks With Random Weights},
	journal  = {International Conference on Pattern Recognition},
	date     = {1992},
}

@article{Riedmiller.1994,
	author   = {Riedmiller, Martin},
	title    = {Advanced supervised learning in multi-layer perceptrons - From backpropagation to adaptive learning algorithms},
	journal  = {Computer Standards \& Interfaces},
	date     = {1994},
}

@article{Valueva.2020,
	author   = {Valueva, M.V. and N.N. Nagornov and P.A. Lyakhov and G.V. Valuev and N.I. Chervyakov},
	title    = {Application of the residue number system to reduce hardware costs of the convolutional neural network implementation},
	journal  = {Mathematics and Computers in Simulation},
	date     = {2020},
}
